\usepackage{url}

@manual{uber2019,
      title  = "Uber H3: Uberâ€™s Hexagonal Hierarchical Spatial Index",
      author = "Uber",
      url    = "https://eng.uber.com/h3",
      year   = "2019 (accessed June 29, 2020)"
    }